<?xml version="1.0" encoding="UTF-8"?><collection xmlns="http://www.loc.gov/MARC21/slim"><record><leader>00500nam--2200181-i-4500</leader><controlfield tag="001">000009091</controlfield><controlfield tag="002">20161230</controlfield><controlfield tag="005">20170221111820</controlfield><controlfield tag="008">060222s1000------------r-----000-0-eng-d</controlfield><datafield ind1=" " ind2=" " tag="040"><subfield code="a">IFIN-HH</subfield></datafield><datafield ind1=" " ind2=" " tag="080"><subfield code="a">539.14</subfield></datafield><datafield ind1="1" ind2=" " tag="100"><subfield code="a">Bohr, Aage</subfield></datafield><datafield ind1="1" ind2="0" tag="245"><subfield code="a">Nuclear structure</subfield><subfield code="b">Volume I. Single Particle Motion</subfield><subfield code="c">Aage Bohr, Ben R. Mottelson</subfield></datafield><datafield ind1=" " ind2=" " tag="260"><subfield code="a">New York</subfield><subfield code="b">W.A.Benjamin, Inc</subfield><subfield code="c">1969</subfield></datafield><datafield ind1=" " ind2=" " tag="300"><subfield code="a">XIII + 471 P</subfield></datafield><datafield ind1="1" ind2=" " tag="700"><subfield code="a">Mottelson, Ben R</subfield></datafield><datafield ind1=" " ind2=" " tag="852"><subfield code="a">31828</subfield><subfield code="c">539.14</subfield></datafield><datafield ind1=" " ind2=" " tag="CAT"><subfield code="a">SYS</subfield><subfield code="c">20170221</subfield><subfield code="h">111820</subfield></datafield></record></collection>